<record><leader>00000cas a22000007a 4500</leader><controlfield tag="001">17937583</controlfield><controlfield tag="008">880511d18uu18uuohuir ne      0    0eng d</controlfield><datafield ind1=" " ind2=" " tag="010"><subfield code="a">sn 88077403 </subfield></datafield><datafield ind1=" " ind2=" " tag="040"><subfield code="a">ONP</subfield><subfield code="b">eng</subfield><subfield code="c">ONP</subfield><subfield code="d">DLC</subfield><subfield code="d">OCLCQ</subfield></datafield><datafield ind1=" " ind2=" " tag="042"><subfield code="a">msc</subfield></datafield><datafield ind1="0" ind2=" " tag="130"><subfield code="a">Cincinnati Whig and commercial intelligencer (Cincinnati, Ohio : 1836)</subfield></datafield><datafield ind1="1" ind2="0" tag="245"><subfield code="a">Cincinnati Whig and commercial intelligencer.</subfield></datafield><datafield ind1="1" ind2="3" tag="246"><subfield code="a">Tri-weekly Whig</subfield></datafield><datafield ind1=" " ind2=" " tag="260"><subfield code="a">Cincinnati [Ohio :</subfield><subfield code="b">s.n.]</subfield></datafield><datafield ind1=" " ind2=" " tag="310"><subfield code="a">Triweekly</subfield></datafield><datafield ind1=" " ind2=" " tag="500"><subfield code="a">No front page of paper available.</subfield></datafield><datafield ind1=" " ind2=" " tag="588"><subfield code="a">Description based on: Apr. 4, 1836.</subfield></datafield><datafield ind1=" " ind2=" " tag="752"><subfield code="a">United States</subfield><subfield code="b">Ohio</subfield><subfield code="c">Hamilton</subfield><subfield code="d">Cincinnati.</subfield></datafield><datafield ind1="0" ind2=" " tag="775"><subfield code="t">Cincinnati daily Whig, and commercial intelligencer</subfield><subfield code="w">(DLC)sn 85054184</subfield></datafield><datafield ind1="0" ind2=" " tag="775"><subfield code="t">Cincinnati weekly Whig, and commercial intelligencer</subfield><subfield code="w">(DLC)sn 84028744</subfield></datafield></record>